@online{sapjoule2025,
  author    = {{SAP SE}},
  title     = {SAP Joule â€“ AI Copilot for the Intelligent Enterprise},
  year      = {2025},
  url       = {https://www.sap.com/products/artificial-intelligence/ai-assistant.html},
  note      = {Accessed: 8 September 2025}
}

@online{sapprodrelease2025,
  author    = {{SAP SE}},
  title     = {Releasing Production Orders in SAP S/4HANA Discrete Shop Floor Control},
  year      = {2025},
  url       = {https://learning.sap.com/learning-journeys/exploring-business-processes-in-sap-s4-hana-discrete-shopfloor-control/releasing-production-orders_b51cd721-9423-454d-85f7-36021999996b},
  note      = {Accessed: 8 September 2025}
}